@article{Can1986,
        author={Canny, John},
        journal={IEEE Transactions on Pattern Analysis and Machine Intelligence},
        title={A Computational Approach to Edge Detection},
        year={1986},
        volume={PAMI-8},
        number={6},
        pages={679-698},
        doi={10.1109/TPAMI.1986.4767851}
}


@article{PM1990,
        author={Pietro Perona and Jalhandra Malik},
        journal={IEEE Transactions on Pattern Analysis and Machine Intelligence},
        title={Scale-space and edge detection using anisotropic diffusion},
        year={1990},
        volume={12},
        number={7},
        pages={629-639},
        doi={10.1109/34.56205}
}

@article{TO2002,
        author={Greg Turk and James F. O'Brien},
        title={Modelling with Implicit Surfaces That Interpolate},
        year={2002},
        issue_date={October 2002},
        publisher={Association for Computing Machinery},
        address={New York, NY, USA},
        volume={21},
        number={4},
        issn={0730-0301},
        doi={10.1145/571647.571650},
        journal={ACM Trans. Graph.},
        month=oct,
        pages={855â€“873},
        keywords={modeling, function interpolation, thin-plate techniques, Implicit surfaces}
}
